<?xml version="1.0" encoding="UTF-8"?>
  <record xmlns="http://www.loc.gov/MARC21/slim" type="Authority">
    <leader>00000nz  a2200000oc 4500</leader>
    <controlfield tag="001">1067838546</controlfield>
    <controlfield tag="003">DE-101</controlfield>
    <controlfield tag="005">20200408003306.0</controlfield>
    <controlfield tag="008">150302n||aznnnaabn           | aaa    |c</controlfield>
    <datafield tag="024" ind1="7" ind2=" ">
      <subfield code="a">1067838546</subfield>
      <subfield code="0">http://d-nb.info/gnd/1067838546</subfield>
      <subfield code="2">gnd</subfield>
    </datafield>
    <datafield tag="035" ind1=" " ind2=" ">
      <subfield code="a">(DE-101)1067838546</subfield>
    </datafield>
    <datafield tag="035" ind1=" " ind2=" ">
      <subfield code="a">(DE-588)1067838546</subfield>
    </datafield>
    <datafield tag="040" ind1=" " ind2=" ">
      <subfield code="a">DE-32</subfield>
      <subfield code="c">DE-32</subfield>
      <subfield code="9">r:DE-601</subfield>
      <subfield code="b">ger</subfield>
      <subfield code="d">9999</subfield>
      <subfield code="e">rda</subfield>
    </datafield>
    <datafield tag="042" ind1=" " ind2=" ">
      <subfield code="a">gnd3</subfield>
    </datafield>
    <datafield tag="043" ind1=" " ind2=" ">
      <subfield code="c">XA-DE</subfield>
    </datafield>
    <datafield tag="075" ind1=" " ind2=" ">
      <subfield code="b">p</subfield>
      <subfield code="2">gndgen</subfield>
    </datafield>
    <datafield tag="075" ind1=" " ind2=" ">
      <subfield code="b">piz</subfield>
      <subfield code="2">gndspec</subfield>
    </datafield>
    <datafield tag="079" ind1=" " ind2=" ">
      <subfield code="a">g</subfield>
      <subfield code="q">f</subfield>
    </datafield>
    <datafield tag="100" ind1="1" ind2=" ">
      <subfield code="a">Hohenlohe-Schillingsfürst, Philippina Sabina &#152;von&#156;</subfield>
      <subfield code="d">1620-1682</subfield>
    </datafield>
    <datafield tag="375" ind1=" " ind2=" ">
      <subfield code="a">2</subfield>
      <subfield code="2">iso5218</subfield>
    </datafield>
    <datafield tag="400" ind1="1" ind2=" ">
      <subfield code="a">Wied, Philippina Sabina &#152;von&#156;</subfield>
      <subfield code="d">1620-1682</subfield>
      <subfield code="4">nasp</subfield>
      <subfield code="4">https://d-nb.info/standards/elementset/gnd#LaterNameOfThePerson</subfield>
      <subfield code="w">r</subfield>
      <subfield code="i">Spaeterer Name</subfield>
      <subfield code="e">Spaeterer Name</subfield>
    </datafield>
    <datafield tag="400" ind1="1" ind2=" ">
      <subfield code="a">Wied, Philippina Sabina &#152;zu&#156;</subfield>
      <subfield code="d">1620-1682</subfield>
      <subfield code="4">nasp</subfield>
      <subfield code="4">https://d-nb.info/standards/elementset/gnd#LaterNameOfThePerson</subfield>
      <subfield code="w">r</subfield>
      <subfield code="i">Spaeterer Name</subfield>
      <subfield code="e">Spaeterer Name</subfield>
    </datafield>
    <datafield tag="400" ind1="1" ind2=" ">
      <subfield code="a">Wied zu Runckel und Jsenburg, Philippina Sabina &#152;zu&#156;</subfield>
      <subfield code="d">1620-1682</subfield>
      <subfield code="4">nasp</subfield>
      <subfield code="4">https://d-nb.info/standards/elementset/gnd#LaterNameOfThePerson</subfield>
      <subfield code="w">r</subfield>
      <subfield code="i">Spaeterer Name</subfield>
      <subfield code="e">Spaeterer Name</subfield>
    </datafield>
    <datafield tag="400" ind1="1" ind2=" ">
      <subfield code="a">Hohenlohe, Philippina Sabina &#152;von&#156;</subfield>
      <subfield code="d">1620-1682</subfield>
    </datafield>
    <datafield tag="500" ind1="1" ind2=" ">
      <subfield code="0">(DE-101)116955368</subfield>
      <subfield code="0">(DE-588)116955368</subfield>
      <subfield code="0">https://d-nb.info/gnd/116955368</subfield>
      <subfield code="a">Hohenlohe-Schillingsfürst, Georg Friedrich</subfield>
      <subfield code="d">1595-1635</subfield>
      <subfield code="4">bezf</subfield>
      <subfield code="4">https://d-nb.info/standards/elementset/gnd#familialRelationship</subfield>
      <subfield code="w">r</subfield>
      <subfield code="i">Beziehung familiaer</subfield>
      <subfield code="e">Beziehung familiaer</subfield>
      <subfield code="9">v:Vater</subfield>
    </datafield>
    <datafield tag="500" ind1="1" ind2=" ">
      <subfield code="0">(DE-101)1101357851</subfield>
      <subfield code="0">(DE-588)1101357851</subfield>
      <subfield code="0">https://d-nb.info/gnd/1101357851</subfield>
      <subfield code="a">Solms-Hohensolms, Dorothea Sophie &#152;von&#156;</subfield>
      <subfield code="d">1595-1660</subfield>
      <subfield code="4">bezf</subfield>
      <subfield code="4">https://d-nb.info/standards/elementset/gnd#familialRelationship</subfield>
      <subfield code="w">r</subfield>
      <subfield code="i">Beziehung familiaer</subfield>
      <subfield code="e">Beziehung familiaer</subfield>
      <subfield code="9">v:Mutter</subfield>
    </datafield>
    <datafield tag="500" ind1="1" ind2=" ">
      <subfield code="0">(DE-101)124063063</subfield>
      <subfield code="0">(DE-588)124063063</subfield>
      <subfield code="0">https://d-nb.info/gnd/124063063</subfield>
      <subfield code="a">Wied-Neuwied, Friedrich &#152;von&#156;</subfield>
      <subfield code="d">1618-1698</subfield>
      <subfield code="4">bezf</subfield>
      <subfield code="4">https://d-nb.info/standards/elementset/gnd#familialRelationship</subfield>
      <subfield code="w">r</subfield>
      <subfield code="i">Beziehung familiaer</subfield>
      <subfield code="e">Beziehung familiaer</subfield>
      <subfield code="9">v:Ehemann</subfield>
    </datafield>
    <datafield tag="548" ind1=" " ind2=" ">
      <subfield code="a">1620-1682</subfield>
      <subfield code="4">datl</subfield>
      <subfield code="4">https://d-nb.info/standards/elementset/gnd#dateOfBirthAndDeath</subfield>
      <subfield code="w">r</subfield>
      <subfield code="i">Lebensdaten</subfield>
      <subfield code="9">v:fälschliche Lebensdaten 1617-1655</subfield>
    </datafield>
    <datafield tag="548" ind1=" " ind2=" ">
      <subfield code="a">26.02.1620-24.11.1682</subfield>
      <subfield code="4">datx</subfield>
      <subfield code="4">https://d-nb.info/standards/elementset/gnd#dateOfBirthAndDeath</subfield>
      <subfield code="w">r</subfield>
      <subfield code="i">Exakte Lebensdaten</subfield>
    </datafield>
    <datafield tag="550" ind1=" " ind2=" ">
      <subfield code="0">(DE-101)040004643</subfield>
      <subfield code="0">(DE-588)4000464-8</subfield>
      <subfield code="0">https://d-nb.info/gnd/4000464-8</subfield>
      <subfield code="a">Adel</subfield>
      <subfield code="4">obin</subfield>
      <subfield code="4">https://d-nb.info/standards/elementset/gnd#broaderTermInstantial</subfield>
      <subfield code="w">r</subfield>
      <subfield code="i">Oberbegriff instantiell</subfield>
    </datafield>
    <datafield tag="550" ind1=" " ind2=" ">
      <subfield code="0">(DE-101)970412827</subfield>
      <subfield code="0">(DE-588)4770088-9</subfield>
      <subfield code="0">https://d-nb.info/gnd/4770088-9</subfield>
      <subfield code="a">Gräfin</subfield>
      <subfield code="4">adel</subfield>
      <subfield code="4">https://d-nb.info/standards/elementset/gnd#titleOfNobility</subfield>
      <subfield code="w">r</subfield>
      <subfield code="i">Adelstitel</subfield>
    </datafield>
    <datafield tag="551" ind1=" " ind2=" ">
      <subfield code="0">(DE-101)041059468</subfield>
      <subfield code="0">(DE-588)4105946-3</subfield>
      <subfield code="0">https://d-nb.info/gnd/4105946-3</subfield>
      <subfield code="a">Schillingsfürst</subfield>
      <subfield code="4">orts</subfield>
      <subfield code="4">https://d-nb.info/standards/elementset/gnd#placeOfDeath</subfield>
      <subfield code="w">r</subfield>
      <subfield code="i">Sterbeort</subfield>
    </datafield>
    <datafield tag="551" ind1=" " ind2=" ">
      <subfield code="0">(DE-101)040419916</subfield>
      <subfield code="0">(DE-588)4041991-5</subfield>
      <subfield code="0">https://d-nb.info/gnd/4041991-5</subfield>
      <subfield code="a">Neuwied</subfield>
      <subfield code="4">ortw</subfield>
      <subfield code="4">https://d-nb.info/standards/elementset/gnd#placeOfActivity</subfield>
      <subfield code="w">r</subfield>
      <subfield code="i">Wirkungsort</subfield>
    </datafield>
    <datafield tag="551" ind1=" " ind2=" ">
      <subfield code="0">(DE-101)040314839</subfield>
      <subfield code="0">(DE-588)4031483-2</subfield>
      <subfield code="0">https://d-nb.info/gnd/4031483-2</subfield>
      <subfield code="a">Köln</subfield>
      <subfield code="4">orts</subfield>
      <subfield code="4">https://d-nb.info/standards/elementset/gnd#placeOfDeath</subfield>
      <subfield code="w">r</subfield>
      <subfield code="i">Sterbeort</subfield>
    </datafield>
    <datafield tag="670" ind1=" " ind2=" ">
      <subfield code="a">https://www.deutsche-digitale-bibliothek.de/item/CDLAYFGAC75RQLMU2H34ACSSPIGQKYWK</subfield>
    </datafield>
    <datafield tag="678" ind1=" " ind2=" ">
      <subfield code="b">Heirat mit Graf Friedrich zu (Neu-)Wied. - Fälschliche, ursprünglich im Datensatz angegebene Lebensdaten 1617-1655</subfield>
    </datafield>
  </record>
